@misc{desilver2024,
  author       = {DeSilver, Drew},
  title        = {A look at the state of affordable housing in the U.S.},
  year         = {2024},
  month        = {October},
  day          = {25},
  url          = {https://www.pewresearch.org/short-reads/2024/10/25/a-look-at-the-state-of-affordable-housing-in-the-us/},
  note         = {Pew Research Center},
}

@article{holly_2010_a,
  author = {Holly, Sean and Pesaran, M. Hashem and Yamagata, Takashi},
  month = {09},
  title = {A spatio-temporal model of house prices in the USA},
  doi = {10.1016/j.jeconom.2010.03.040},
  url = {https://www.sciencedirect.com/science/article/pii/S0304407610000837},
  volume = {158},
  year = {2010},
  journal = {Journal of Econometrics}
}

@article{suhaida_2011_housing,
  author = {Suhaida, M.S. and Tawil, N.M. and Hamzah, N. and Che-Ani, A.I. and Basri, H. and Yuzainee, M.Y.},
  month = {12},
  title = {Housing Affordability: A Conceptual Overview for House Price Index},
  doi = {10.1016/j.proeng.2011.11.176},
  url = {https://www.sciencedirect.com/science/article/pii/S1877705811029857},
  volume = {20},
  year = {2011},
  journal = {Procedia Engineering}
}

@misc{souders_2016_the,
  author = {Souders, Andrew and Renna, Francesco and Weinstein, Amanda},
  month = {05},
  title = {The Effect of Population Density on Housing Prices: A Cross State Analysis},
  url = {https://www.uakron.edu/economics/academics/senior-projects/2016/Souders-A-SeniorProject2016.pdf},
  year = {2016}
}

@article{sirmans_2005_the,
  author = {Sirmans, G Stacey and Macpherson, David A and Zietz, Emily N},
  pages = {3-43},
  publisher = {American Real Estate Society},
  title = {The Composition of Hedonic Pricing Models},
  doi = {10.2307/44103506},
  url = {https://www.jstor.org/stable/44103506},
  volume = {13},
  year = {2005},
  journal = {Journal of Real Estate Literature}
}

@misc{_2024_net,
  author = {, United States Census Bureau},
  publisher = {United States Census Bureau},
  title = {Net International Migration Drives Highest U.S. Population Growth in Decades},
  url = {https://www.census.gov/newsroom/press-releases/2024/population-estimates-international-migration.html},
  year = {2024},
  organization = {Census.gov}
}

@article{johnson_2019_rural,
  author = {Johnson, Kenneth and Lichter, Daniel},
  month = {01},
  publisher = {Candid},
  title = {Rural Depopulation in a Rapidly Urbanizing America},
  doi = {10.34051/p/2020.347},
  url = {https://scholars.unh.edu/carsey/358/?utm_source=chatgpt.com},
  urldate = {2025-02-11},
  year = {2019},
  journal = {Issue Lab (Candid)}
}

@misc{a2024_how,
  month = {07},
  title = {How Has Population Growth Affected Home Prices? | eXp Life},
  url = {https://life.exprealty.com/analysis-population-growth-affected-home-prices/},
  year = {2024},
  organization = {eXp Life, by eXp Realty}
}

@article{gupta_2021_flattening,
  author = {Gupta, Arpit and Mittal, Vrinda and Peeters, Jonas and Van Nieuwerburgh, Stijn},
  month = {11},
  title = {Flattening the curve: Pandemic-Induced revaluation of urban real estate},
  doi = {10.1016/j.jfineco.2021.10.008},
  volume = {146},
  year = {2021},
  journal = {Journal of Financial Economics}
}

@misc{_2024_county,
  author = {, National Association of Realtors},
  title = {County Median Home Prices and Monthly Mortgage Payment, Q3 2024},
  url = {https://www.nar.realtor/research-and-statistics/housing-statistics/county-median-home-prices-and-monthly-mortgage-payment},
  year = {2024},
  organization = {National Association of Realtors}
}

@misc{a2024_resident,
  month = {12},
  publisher = {Federal Reserve Bank of St. Louis},
  title = {Resident Population in the Southeast BEA Region},
  url = {https://fred.stlouisfed.org/series/BEASEPOP},
  urldate = {2025-02-23},
  year = {2024},
  organization = {Stlouisfed.org}
}

@misc{a2024_resident,
  month = {12},
  publisher = {Federal Reserve Bank of St. Louis},
  title = {Resident Population in the Midwest Census Region},
  url = {https://fred.stlouisfed.org/series/CMWRPOP},
  urldate = {2025-02-23},
  year = {2024},
  organization = {Stlouisfed.org}
}

@misc{_2023_county,
  author = {, United States Census Bureau},
  publisher = {United States Census Bureau},
  title = {County Population Totals and Components of Change: 2020-2023},
  url = {https://www.census.gov/data/tables/time-series/demo/popest/2020s-counties-total.html},
  year = {2023},
  organization = {Census.gov}
}

@misc{_2024_state,
  author = {, United States Census Bureau},
  publisher = {United States Census Bureau},
  title = {State Population Totals and Components of Change: 2020-2024},
  url = {https://www.census.gov/data/tables/time-series/demo/popest/2020s-state-total.html},
  year = {2024},
  organization = {Census.gov}
}

@misc{zillow_2024_housing,
  author = {Zillow},
  title = {Housing Data - Zillow Research},
  url = {https://www.zillow.com/research/data/},
  year = {2024},
  organization = {Zillow Research}
}

@misc{a2024_hpi,
  publisher = {Federal Reserve Bank of St. Louis},
  title = {HPI, State - Economic Data Series},
  url = {https://fred.stlouisfed.org/tags/series?t=hpi%3Bstate},
  urldate = {2025-02-23},
  year = {2024},
  organization = {Stlouisfed.org}
}

@article{cooper_2020_on,
  author = {Cooper, Antony K. and Coetzee, Serena},
  pages = {159-171},
  title = {On the Ethics of Using Publicly-Available Data},
  doi = {10.1007/978-3-030-45002-1_14},
  volume = {12067},
  year = {2020},
  journal = {Lecture Notes in Computer Science}
}

@article{chau_2003_a,
  author = {Chau, K.W and Chin, T L},
  month = {06},
  pages = {145-165},
  title = {A Critical Review of Literature on the Hedonic Price Model},
  url = {https://www.researchgate.net/publication/255726402_A_Critical_Review_of_Literature_on_the_Hedonic_Price_Model},
  volume = {27},
  year = {2003},
  journal = {International Journal for Housing Science and Its Applications}
}

@article{herath_2010_the,
  author = {Herath, Shanaka and Maier, Gunther},
  title = {The Hedonic Price Method in Real Estate and Housing Market Research: A Review of the Literature},
  doi = {10.57938/e55da0fe-d130-415d-9a5d-7bbc07c329a1},
  url = {https://research.wu.ac.at/ws/portalfiles/portal/30983294/sre-disc-2010_03.pdf},
  year = {2010},
  journal = {}
}

@article{he_2023_influence,
  author = {He, Qihang},
  month = {12},
  pages = {251-262},
  title = {Influence Factor Analysis and Forecast of US House Prices Based on Linear Regression and Time Series},
  doi = {10.54254/2754-1169/64/20231543},
  urldate = {2024-06-23},
  volume = {64},
  year = {2023},
  journal = {Advances in economics, management and political sciences}
}

@article{brinkmann_2009_putting,
  author = {Brinkmann, Johannes},
  month = {08},
  pages = {65-82},
  title = {Putting Ethics on the Agenda for Real Estate Agents},
  doi = {10.1007/s10551-009-0099-8},
  volume = {88},
  year = {2009},
  journal = {Journal of Business Ethics}
}

@article{ekeland_2004_identification,
  author = {Ekeland, Ivar and Heckman, James J. and Nesheim, Lars},
  month = {02},
  pages = {S60-S109},
  title = {Identification and Estimation of Hedonic Models},
  doi = {10.1086/379947},
  volume = {112},
  year = {2004},
  journal = {Journal of Political Economy}
}

@article{liu_2024_navigating,
  author = {Liu, Jin},
  month = {03},
  pages = {747–752},
  title = {Navigating the Financial Landscape: The Power and Limitations of the ARIMA Model},
  doi = {10.54097/9zf6kd91},
  url = {https://drpress.org/ojs/index.php/HSET/article/view/19082},
  volume = {88},
  year = {2024},
  journal = {Highlights in Science, Engineering and Technology}
}

@misc{torresreyna_2010_getting,
  author = {Torres-Reyna, Oscar},
  title = {Getting Started in Fixed/Random Effects Models using R (ver. 0.1-Draft)},
  url = {https://www.princeton.edu/~otorres/Panel101R.pdf},
  year = {2010}
}

@article{aladwan_2019_hedonic,
  author = {Aladwan, Zubeida and Ahamad, Mohd Sanusi S.},
  month = {09},
  pages = {34-47},
  title = {Hedonic Pricing Model for Real Property Valuation via GIS - A Review},
  doi = {10.2478/ceer-2019-0022},
  volume = {29},
  year = {2019},
  journal = {Civil and Environmental Engineering Reports}
}

@misc{rcoreteam_2024_r,
  author = {R Core Team},
  title = {R: A Language and Environment for Statistical Computing},
  url = {https://www.r-project.org/},
  year = {2024},
  organization = {R Foundation for Statistical Computing}
}

@misc{biernackalievestro_2023_southern,
  author = {Biernacka-Lievestro, Joanna and Fall, Alexandre},
  month = {05},
  title = {Southern States Gain Residents the Fastest},
  url = {https://www.pewtrusts.org/en/research-and-analysis/articles/2023/05/17/southern-states-gain-residents-the-fastest},
  year = {2023},
  organization = {pew.org}
}

@misc{maynard_2021_population,
  author = {Maynard, Melissa and Fall, Alexandre},
  month = {07},
  title = {Population Growth Sputters in Midwestern, Eastern States},
  url = {https://www.pewtrusts.org/en/research-and-analysis/articles/2021/07/27/population-growth-sputters-in-midwestern-eastern-states},
  year = {2021},
  organization = {pew.org}
}

@misc{unitedstatescensusbureau_2024_tigerline,
  author = {United States Census Bureau},
  month = {01},
  title = {TIGER/Line Shapefiles},
  url = {https://www.census.gov/geographies/mapping-files/time-series/geo/tiger-line-file.html},
  year = {2024},
  organization = {The United States Census Bureau}
}

@misc{holtz_choropleth,
  author = {Holtz, Yan},
  title = {Choropleth map with R and ggplot2},
  url = {https://r-graph-gallery.com/327-chloropleth-map-from-geojson-with-ggplot2.html},
  organization = {www.r-graph-gallery.com}
}

@article{geeksforgeeks_2021_control,
  author = {GeeksforGeeks},
  month = {05},
  title = {Control Size of ggplot2 Legend Items in R},
  url = {https://www.geeksforgeeks.org/control-size-of-ggplot2-legend-items-in-r/},
  urldate = {2025-03-15},
  year = {2021},
  journal = {GeeksforGeeks}
}

@misc{openai_2025_chatgpt,
  author = {OpenAI},
  publisher = {OpenAI},
  title = {ChatGPT},
  url = {https://chatgpt.com/},
  year = {2025},
  organization = {ChatGPT}
}


